@online{W4ppler,
  title   = {W4ppler - Github},
  url     = {https://github.com/W4ppler},
  urldate = {2025-05-18},
}